@inproceedings{GGP10,
  author    = {R. Gennaro and C. Gentry and B. Parno},
  title     = {Non-interactive Verifiable Computing: Outsourcing Computation
               to Untrusted Workers},
  booktitle = {Proceedings of the Annual Cryptology Conference -- Advances in Cryptology (CRYPTO)},
  year      = {2010},
  pages     = {465-482}
}

@inproceedings{Gen09,
 author = {G. Gentry},
 title = {Fully homomorphic encryption using ideal lattices},
 booktitle = {Proceedings of the ACM Symposium on Theory of Computing (STOC)}, 
 pages = {169-178},
 year = {2009}
}

@inproceedings{Yao82,
 author = {A.C. Yao},
 title ={Protocols for secure computations},
 booktitle = {Proceedings of the Annual IEEE Symposium on Foundations of Computer Science (FOCS)},
 pages = {160-164},
 year = {1982} 
}

@inproceedings{CL10,
 author = {D. Champagne and R.B. Lee},
 title ={Scalable architectural support for trusted software},
 booktitle = {Proceedings of the IEEE International Symposium on High Performance Computer Architecture (HPCA)},
 pages = {1-12},
 year = {2010} 
}

@inproceedings{CRS+11,
 author = {S. Chhabra and B. Rogers and Y. Solihin and M. Prvulovic},
 title ={{SecureME}: A hardware-software approach to full system security},
 booktitle = {Proceedings of the ACM International Conference on Supercomputing (ICS)},
 pages = {108-119},
 year = {2011} 
}

@article{SW99,
  author    = {S.W. Smith and S. Weingart},
  title     = {Building a high-performance, programmable secure coprocessor},
  journal   = {Computer Networks},
  volume    = {31},
  number    = {8},
  year      = {1999},
  pages     = {831-860}
}

@inproceedings{CKV10,
  author    = {K. Chung and Y.T. Kalai and S.P. Vadhan},
  title     = {Improved Delegation of Computation Using Fully Homomorphic
               Encryption},
  booktitle = {Proceedings of the Annual Cryptology Conference -- Advances in Cryptology (CRYPTO)},
  year      = {2010},
  pages     = {483-501}
}

@inproceedings{GKR08,
  author    = {S. Goldwasser and Y.T. Kalai and G.N. Rothblum},
  title     = {Delegating computation: interactive proofs for muggles},
  booktitle = {Proceedings of the ACM Symposium on Theory of Computing (STOC)},
  year      = {2008},
  pages     = {113-122}
}

@inproceedings{HL05,
  author    = {S. Hohenberger and A. Lysyanskaya},
  title     = {How to Securely Outsource Cryptographic Computations},
  booktitle = {Proceedings of the Theory of Cryptography Conference (TCC)},
  year      = {2005},
  pages     = {264-282}
}

@inproceedings{Bab85,
  author    = {L. Babai},
  title     = {Trading Group Theory for Randomness},
  booktitle = {Proceedings of the Annual ACM Symposium on Theory of
               Computing (STOC)},
  year      = {1985},
  pages     = {421-429}
}

@article{GMR89,
  author    = {S. Goldwasser and S. Micali and C. Rackoff},
  title     = {The Knowledge Complexity of Interactive Proof Systems},
  journal   = {SIAM Journal on Computing},
  volume    = {18},
  number    = {1},
  year      = {1989},
  pages     = {186-208}
}

@article{LFK+92,
  author    = {C. Lund and L. Fortnow and H.J. Karloff and N. Nisan},
  title     = {Algebraic Methods for Interactive Proof Systems},
  journal   = {Journal of the ACM},
  volume    = {39},
  number    = {4},
  year      = {1992},
  pages     = {859-868}  
}

@article{Sha92,
  author    = {Adi Shamir},
  title     = {{IP = PSPACE}},
  journal   = {Journal of the ACM},
  volume    = {39},
  number    = {4},
  year      = {1992},
  pages     = {869-877}
}

@inproceedings{CMP+13,
  author    = {C. Chen and P. Maniatis and A. Perrig and A. Vasudevan and V. Sekar},
  title     = {Towards verifiable resource accounting for outsourced computation},
  booktitle = {Proceedings of the ACM SIGPLAN/SIGOPS International Conference on Virtual Execution Environments (VEE)},
  year      = {2013},
  pages     = {167-178}
}

@inproceedings{KPP+14,
  author    = {A.E. Kosba and D. Papadopoulos and C. Papamanthou and M.F. Sayed and E. Shi and N. Triandopoulos},
  title     = {TRUESET: Nearly Practical Verifiable Set Computations},
  booktitle = {Proceedings of the USENIX Security Symposium},
  year      = {2014}  
}  
  
@inproceedings{PHG+13,
  author    = {B. Parno and J. Howell and C. Gentry and M. Raykova},
  title     = {Pinocchio: Nearly Practical Verifiable Computation},
  booktitle = {Proceedings of the IEEE Symposium on Security and Privacy (S\&P)},
  year      = {2013},
  pages     = {238-252}
}

@inproceedings{Kil92,
  author    = {J. Kilian},
  title     = {A Note on Efficient Zero-Knowledge Proofs and Arguments (Extended Abstract)},
  booktitle = {Proceedings of the Annual ACM Symposium on Theory of Computing (STOC)},
  year      = {1992},
  pages     = {723-732}
}

@inproceedings{Mic94,
  author    = {S. Micali},
  title     = {{CS} Proofs (Extended Abstracts)},
  booktitle = {Proceedings of the Annual IEEE Symposium on Foundations of Computer Science (FOCS)},
  year      = {1994},
  pages     = {436-453}
}

@article{CKG+98,
  author    = {B. Chor and E. Kushilevitz and O. Goldreich and M. Sudan},
  title     = {Private Information Retrieval},
  journal   = {Journal of the ACM},
  volume    = {45},
  number    = {6},
  year      = {1998},
  pages     = {965-981}
}

@inproceedings{BR93,
  author    = {M. Bellare and P. Rogaway},
  title     = {Random Oracles are Practical: A Paradigm for Designing Efficient
               Protocols},
  booktitle = {Proceedings of the ACM Conference on Computer and Communications Security (CCS)},
  year      = {1993},
  pages     = {62-73}
}

@inproceedings{GJM02,
  author    = {P. Golle and S. Jarecki and I. Mironov},
  title     = {Cryptographic primitives enforcing communication and storage complexity},
  booktitle = {Proceedings of the International Conference on Financial Cryptography (FC)},
  year      = {2002},
  pages     = {120-135}
}

@inproceedings{JK07,
  author    = {A. Juels and B.S. Kaliski},
  title     = {{PORs}: Proofs of retrievability for large files},
  booktitle = {Proceedings of the ACM Conference on Computer and Communications Security (CCS)},
  year      = {2007},
  pages     = {584-597}
}

@article{CGH04,
  author    = {R. Canetti and O. Goldreich and S. Halevi},
  title     = {The random oracle methodology, revisited},
  journal   = {Journal of the ACM},
  volume    = {51},
  number    = {4},
  year      = {2004},
  pages     = {557-594}
}

@article{Yee94,
  author    = {B. Yee},
  title     = {Using Secure Coprocessors},
  journal   = {Ph.D Thesis, Carnegie Mellon University},
  year      = {1994}
}

@inproceedings{BDD+10,
  author    = {M. Ben-Yehuda and M.D. Day and Z. Dubitzky and M. Factor and N. Har'El and A. Gordon and A. Liguori and O. Wasserman and B. Yassour},
  title     = {The {Turtles} Project: Design and Implementation of Nested
               Virtualization},
  booktitle = {Proceedings of the USENIX Symposium on Operating Systems Design and Implementation (OSDI)},
  year      = {2010},
  pages     = {423-436}
}

@inproceedings{ZCC+11,
  author    = {F. Zhang and J. Chen and H. Chen and B. Zang},
  title     = {{CloudVisor}: Retrofitting protection of virtual machines in multi-tenant cloud with nested virtualization},
  booktitle = {Proceedings of the ACM Symposium on Operating Systems
               Principles (SOSP)},
  year      = {2011},
  pages     = {203-216}
}
  
@inproceedings{SSW10,
  author    = {A. Sadeghi and T. Schneider and M. Winandy},
  title     = {Token-Based Cloud Computing},
  booktitle = {Proceedings of the International Conference on Trust and Trustworthy Computing (TRUST)},
  year      = {2010},
  pages     = {417-429}
}

@inproceedings{SLS05,
  author    = {A. Seshadri and M. Luk and E. Shi and A. Perrig and L. van Doorn and P.K. Khosla},
  title     = {Pioneer: Verifying code integrity and enforcing untampered
               code execution on legacy systems},
  booktitle = {Proceedings of the ACM Symposium on Operating Systems
               Principles (SOSP)},
  year      = {2005},
  pages     = {1-16}
}
               
@inproceedings{SZJ+04,
  author    = {R. Sailer and X. Zhang and T. Jaeger and L. van Doorn},
  title     = {Design and Implementation of a {TCG}-based Integrity Measurement
               Architecture},
  booktitle = {Proceedings of the USENIX Security Symposium},
  year      = {2004},
  pages     = {223-238}
}

@article{ADM+14,
  author    = {M. Andrychowicz and S. Dziembowski and D. Malinowski and L. Mazurek},
  title     = {Modeling Bitcoin Contracts by Timed Automata},
  journal   = {CoRR},
  volume    = {abs/1405.1861},
  year      = {2014}
}

@inproceedings{BK14,
  author    = {I. Bentov and R. Kumaresan},
  title     = {How to Use Bitcoin to Design Fair Protocols},
  booktitle = {Proceedings of the Annual Cryptology Conference -- Advances in Cryptology (CRYPTO)},
  year      = {2014},
  pages     = {421-439}
}

@article{ADM+13a,
  author    = {M. Andrychowicz and S. Dziembowski and D. Malinowski and L. Mazurek},
  title     = {Secure Multiparty Computations on BitCoin},
  journal   = {IACR Cryptology ePrint Archive},
  volume    = {Report 2013/784},
  year      = {2013}
}

@article{Mor14,
  author    = {D.Z. Morris},
  title     = {Bitcoin is not just digital currency. {It's} Napster for finance},
  journal   = {CNN Fortune},
  volume    = {Jan 21},
  year      = {2014},
  note      = {\url{http://finance.fortune.cnn.com/2014/01/21/bitcoin-platform/}}
}

@Misc{Bitcoin-contract,
 author    = {Bitcoin},
 title     = {Contracts},
 note      = {\url{https://en.bitcoin.it/wiki/Contracts}}
}

@Misc{WCG,
 author    = {World Community Grid},
 note      = {\url{http://www.worldcommunitygrid.org/}}
}

@Misc{Gridcoin,
 author    = {Gridcoin},
 note      = {\url{http://gridcoin.us/}}
}

@inproceedings{BLL+95,
  author    = {J. Bengtsson and K.G. Larsen and F. Larsson and P. Pettersson and
               W. Yi},
  title     = {{UPPAAL} -- a Tool Suite for Automatic Verification of Real-Time
               Systems},
  booktitle = {Proceedings of the DIMACS/SYCON Workshop on Hybrid Systems: Verification and Control},
  year      = {1995},
  pages     = {232-243}
}

@inproceedings{GGP+13,
  author    = {R. Gennaro and C. Gentry and B. Parno and M. Raykova},
  title     = {Quadratic Span Programs and Succinct {NIZKs} without {PCPs}},
  booktitle = {Proceedings of the Annual International Conference on the Theory and Applications of Cryptographic Techniques -- Advances in Cryptology (EUROCRYPT)},
  year      = {2013},
  pages     = {626-645}
}

@inproceedings{VSB+13,
  author    = {V. Vu and S.T.V. Setty and A.J. Blumberg and M. Walfish},
  title     = {A Hybrid Architecture for Interactive Verifiable Computation},
  booktitle = {Proceedings of the IEEE Symposium on Security and Privacy (S\&P)},
  year      = {2013},
  pages     = {223-237}
}

@inproceedings{SVP+12,
  author    = {S.T.V. Setty and V. Vu and N. Panpalia and B. Braun and A.J. Blumberg and M. Walfish},
  title     = {Taking Proof-Based Verified Computation a Few Steps Closer
               to Practicality},
  booktitle = {Proceedings of the USENIX Security Symposium},
  year      = {2012},
  pages     = {253-268}
}

@inproceedings{SMB+12,
  author    = {S.T.V. Setty and R. McPherson and A.J. Blumberg and M. Walfish},
  title     = {Making argument systems for outsourced computation practical
               (sometimes)},
  booktitle = {Proceedings of the Annual IEEE Network and Distributed System Security Symposium (NDSS)},
  year      = {2012}
}

@inproceedings{CMT12,
  author    = {G. Cormode and M. Mitzenmacher and J. Thaler},
  title     = {Practical verified computation with streaming interactive
               proofs},
  booktitle = {Proceedings of the ACM Innovations in Theoretical Computer Science Conference (ITCS)},
  year      = {2012},
  pages     = {90-112}
}

@inproceedings{TRM+12,
  author    = {J. Thaler and M. Roberts and M. Mitzenmacher and H. Pfister},
  title     = {Verifiable Computation with Massively Parallel Interactive
               Proofs},
  booktitle = {Proceedings of the USENIX Workshop on Hot Topics in Cloud Computing (HotCloud)},
  year      = {2012}
}

@inproceedings{PRV12,
  author    = {B. Parno and M. Raykova and V. Vaikuntanathan},
  title     = {How to Delegate and Verify in Public: Verifiable Computation
               from Attribute-Based Encryption},
  booktitle = {Proceedings of the Theory of Cryptography Conference (TCC)},
  year      = {2012},
  pages     = {422-439}
}

@inproceedings{CKL+11,
  author    = {K. Chung and Y.T. Kalai and F. Liu and R. Raz},
  title     = {Memory Delegation},
  booktitle = {Proceedings of the Annual Cryptology Conference -- Advances in Cryptology (CRYPTO)},
  year      = {2011},
  pages     = {151-168}
}
        
@inproceedings{BCC+12,
  author    = {N. Bitansky and R. Canetti and A. Chiesa and E. Tromer},
  title     = {From extractable collision resistance to succinct non-interactive
               arguments of knowledge, and back again},
  booktitle = {Proceedings of the ACM Innovations in Theoretical Computer Science Conference (ITCS)},
  year      = {2012},
  pages     = {326-349}
}        

@inproceedings{BF12,
  author    = {M. Barbosa and P. Farshim},
  title     = {Delegatable Homomorphic Encryption with Applications to
               Secure Outsourcing of Computation},
  booktitle = {Proceedings of the Cryptographers' Track at the RSA Conference -- Topics in Cryptology (CT-RSA)},
  year      = {2012},
  pages     = {296-312}
}

@inproceedings{PST13,
  author    = {C. Papamanthou and E. Shi and R. Tamassia},
  title     = {Signatures of Correct Computation},
  booktitle = {Proceedings of the Theory of Cryptography Conference (TCC)},
  year      = {2013},
  pages     = {222-242}
}

@inproceedings{BGV11,
  author    = {S. Benabbas and R. Gennaro and Y. Vahlis},
  title     = {Verifiable Delegation of Computation over Large Datasets},
  booktitle = {Proceedings of the Annual Cryptology Conference -- Advances in Cryptology (CRYPTO)},
  year      = {2011},
  pages     = {111-131}
}

@inproceedings{FG12,
  author    = {D. Fiore and R. Gennaro},
  title     = {Publicly verifiable delegation of large polynomials and
               matrix computations, with applications},
  booktitle = {Proceedings of the ACM Conference on Computer and Communications Security (CCS)},
  year      = {2012},
  pages     = {501-512}
}
  
@inproceedings{PTT11,
  author    = {C. Papamanthou and R. Tamassia and N. Triandopoulos},
  title     = {Optimal Verification of Operations on Dynamic Sets},
  booktitle = {Proceedings of the Annual Cryptology Conference -- Advances in Cryptology (CRYPTO)},
  year      = {2011},
  pages     = {91-110}
}

@inproceedings{CPP+14,
  author    = {R. Canetti and O. Paneth and D. Papadopoulos and N. Triandopoulos},
  title     = {Verifiable Set Operations over Outsourced Databases},
  booktitle = {Proceedings of the International Conference on Practice and Theory in Public-Key Cryptography (PKC)},
  year      = {2014},
  pages     = {113-130}
}
  
@inproceedings{BN00,
  author    = {D. Boneh and M. Naor},
  title     = {Timed Commitments},
  booktitle = {Proceedings of the Annual Cryptology Conference -- Advances in Cryptology (CRYPTO)},
  year      = {2000},
  pages     = {236-254}
}

@inproceedings{Cle86,
  author    = {R. Cleve},
  title     = {Limits on the Security of Coin Flips when Half the Processors
               Are Faulty (Extended Abstract)},
  booktitle = {Proceedings of the Annual ACM Symposium on Theory of
               Computing (STOC)},
  year      = {1986},
  pages     = {364-369}
}

@article{GHK+11,
  author    = {S.D. Gordon and C. Hazay and J. Katz and Y. Lindell},
  title     = {Complete Fairness in Secure Two-Party Computation},
  journal   = {Journal of the ACM},
  volume    = {58},
  number    = {6},
  year      = {2011},
  pages     = {24}
}

@inproceedings{Ash14,
  author    = {G. Asharov},
  title     = {Towards Characterizing Complete Fairness in Secure Two-Party
               Computation},
  booktitle = {Proceedings of the Theory of Cryptography Conference (TCC)},
  year      = {2014},
  pages     = {291-316}
}

@inproceedings{BLO+11,
  author    = {A. Beimel and Y. Lindell and E. Omri and I. Orlov},
  title     = {1/{\it p}-Secure Multiparty Computation without Honest Majority and the Best of Both Worlds},
  booktitle = {Proceedings of the Annual Cryptology Conference -- Advances in Cryptology (CRYPTO)},
  year      = {2011},
  pages     = {277-296}
}

@inproceedings{GK10,
  author    = {S.D. Gordon and J. Katz},
  title     = {Partial Fairness in Secure Two-Party Computation},
  booktitle = {Proceedings of the Annual International Conference on the Theory and Applications of Cryptographic Techniques -- Advances in Cryptology (EUROCRYPT)},
  year      = {2010},
  pages     = {157-176}
}

@inproceedings{GL90,
  author    = {S. Goldwasser and L.A. Levin},
  title     = {Fair Computation of General Functions in Presence of Immoral
               Majority},
  booktitle = {Proceedings of the Annual Cryptology Conference -- Advances in Cryptology (CRYPTO)},
  year      = {1990},
  pages     = {77-93}
}

@inproceedings{GP03,
  author    = {J.A. Garay and C. Pomerance},
  title     = {Timed Fair Exchange of Standard Signatures (Extended Abstract)},
  booktitle = {Proceedings of the International Conference on Financial Cryptography (FC)},
  year      = {2003},
  pages     = {190-207}
}
  
@inproceedings{GMP+06,
  author    = {J.A. Garay and P.D. MacKenzie and M. Prabhakaran and K. Yang},
  title     = {Resource Fairness and Composability of Cryptographic Protocols},
  booktitle = {Proceedings of the Theory of Cryptography Conference (TCC)},
  year      = {2006},
  pages     = {404-428}
}

@inproceedings{Pin03,
  author    = {B. Pinkas},
  title     = {Fair Secure Two-Party Computation},
  booktitle = {Proceedings of the Annual International Conference on the Theory and Applications of Cryptographic Techniques -- Advances in Cryptology (EUROCRYPT)},
  year      = {2003},
  pages     = {87-105}
}

@article{ASW00,
  author    = {N. Asokan and V. Shoup and M. Waidner},
  title     = {Optimistic fair exchange of digital signatures},
  journal   = {IEEE Journal on Selected Areas in Communications},
  volume    = {18},
  number    = {4},
  year      = {2000},
  pages     = {593-610}
}

@article{BGM+90,
  author    = {M. Ben-Or and O. Goldreich and S. Micali and R.L. Rivest},
  title     = {A fair protocol for signing contracts},
  journal   = {IEEE Transactions on Information Theory},
  volume    = {36},
  number    = {1},
  year      = {1990},
  pages     = {40-46}
}

@inproceedings{CC00,
  author    = {C. Cachin and J. Camenisch},
  title     = {Optimistic Fair Secure Computation},
  booktitle = {Proceedings of the Annual Cryptology Conference -- Advances in Cryptology (CRYPTO)},
  year      = {2000},
  pages     = {93-111}
}

@inproceedings{GJM99,
  author    = {J.A. Garay and M. Jakobsson and P.D. MacKenzie},
  title     = {Abuse-Free Optimistic Contract Signing},
  booktitle = {Proceedings of the Annual Cryptology Conference -- Advances in Cryptology (CRYPTO)},
  year      = {1999},
  pages     = {449-466}
}

@inproceedings{KL10,
  author    = {A. K{\"u}p\c{c}{\"u} and A. Lysyanskaya},
  title     = {Usable Optimistic Fair Exchange},
  booktitle = {Proceedings of the Cryptographers' Track at the RSA Conference -- Topics in Cryptology (CT-RSA)},
  year      = {2010},
  pages     = {252-267}
}

@inproceedings{Mic03,
  author    = {S. Micali},
  title     = {Simple and fast optimistic protocols for fair electronic
               exchange},
  booktitle = {Proceedings of the ACM Symposium on Principles of Distributed Computing (PODC)},
  year      = {2003},
  pages     = {12-19}
}

@inproceedings{Lin08,
  author    = {A.Y. Lindell},
  title     = {Legally-Enforceable Fairness in Secure Two-Party Computation},
  booktitle = {Proceedings of the Cryptographers' Track at the RSA Conference -- Topics in Cryptology (CT-RSA)},
  year      = {2008},
  pages     = {121-137}
}

@article{ADM+13b,
  author    = {Marcin Andrychowicz and
               Stefan Dziembowski and
               Daniel Malinowski and
               Lukasz Mazurek},
  title     = {Fair Two-Party Computations via the BitCoin Deposits},
  journal   = {IACR Cryptology ePrint Archive},
  volume    = {Report 2013/837},
  year      = {2013}
}

@inproceedings{MWR99,
  author    = {F. Monrose and P. Wyckoff and A.D. Rubin},
  title     = {Distributed Execution with Remote Audit},
  booktitle = {Proceedings of the Annual IEEE Network and Distributed System Security Symposium (NDSS)},
  year      = {1999}
}

@inproceedings{GM01,
  author    = {P. Golle and I. Mironov},
  title     = {Uncheatable Distributed Computations},
  booktitle = {Proceedings of the Cryptographers' Track at the RSA Conference -- Topics in Cryptology (CT-RSA)},
  year      = {2001},
  pages     = {425-440}
}

@inproceedings{GS01,
  author    = {P. Golle and S.G. Stubblebine},
  title     = {Secure Distributed Computing in a Commercial Environment},
  booktitle = {Proceedings of the International Conference on Financial Cryptography (FC)},
  year      = {2001},
  pages     = {279-294}
}

@inproceedings{DJM+04,
  author    = {W. Du and J. Jia and M. Mangal and M. Murugesan},
  title     = {Uncheatable Grid Computing},
  booktitle = {Proceedings of the IEEE International Conference on Distributed Computing Systems (ICDCS)},
  year      = {2004},
  pages     = {4-11}
}

@inproceedings{CRR11,
  author    = {R. Canetti and B. Riva and G.N. Rothblum},
  title     = {Practical delegation of computation using multiple servers},
  booktitle = {ACM Conference on Computer and Communications Security (CCS)},
  year      = {2011},
  pages     = {445-454}
}

@article{CT12,
  author    = {B. Carbunar and M.V. Tripunitara},
  title     = {Payments for Outsourced Computations},
  journal   = {IEEE Transactions on Parallel and Distributed Systems},
  volume    = {23},
  number    = {2},
  year      = {2012},
  pages     = {313-320}
}

@article{CLS12,
  author    = {X. Chen and J. Li and W. Susilo},
  title     = {Efficient Fair Conditional Payments for Outsourcing Computations},
  journal   = {IEEE Transactions on Information Forensics and Security},
  volume    = {7},
  number    = {6},
  year      = {2012},
  pages     = {1687-1694}
}

@inproceedings{WRW11,
  author    = {C. Wang and K. Ren and J. Wang},
  title     = {Secure and practical outsourcing of linear programming in
               cloud computing},
  booktitle = {Proceedings of the IEEE International Conference on Computer
               Communications (INFOCOM)},
  year      = {2011},
  pages     = {820-828}
}

@inproceedings{NK12,
  author    = {R. Nix and M. Kantarcioglu},
  title     = {Contractual Agreement Design for Enforcing Honesty in Cloud
               Outsourcing},
  booktitle = {Proceedings of the International Conference on Decision and Game Theory for Security (GameSec)},
  year      = {2012},
  pages     = {296-308}
}

@article{PKC14,
  author    = {V. Pham and M.H.R. Khouzani and C. Cid},
  title     = {Optimal Contracts for Outsourced Computation},
  journal   = {IACR Cryptology ePrint Archive},
  volume    = {Report 2014/374},
  year      = {2014}
}

@inproceedings{BK89,
  author    = {M. Blum and S. Kannan},
  title     = {Designing Programs That Check Their Work},
  booktitle = {Proceedings of the Annual ACM Symposium on Theory of
               Computing (STOC)},
  year      = {1989},
  pages     = {86-97}
}

@inproceedings{ST98,
  author    = {T. Sander and C.F. Tschudin},
  title     = {Towards Mobile Cryptography},
  booktitle = {Proceedings of the IEEE Symposium on Security and Privacy (S\&P)},
  year      = {1998},
  pages     = {215-224}
}

@inproceedings{Vig97,
  author    = {G. Vigna},
  title     = {Protecting Mobile Agents through Tracing},
  booktitle = {Proceedings of the Workshop on Mobile Object Systems},
  year      = {1997}
}      

@inproceedings{Hoh98,
  author    = {F. Hohl},
  title     = {A Model of Attacks of Malicious Hosts Against Mobile Agents},
  booktitle = {Proceedings of the Workshop on Mobile Object Systems},
  year      = {1998}
}

@article{WB97,
  author    = {H. Wasserman and M. Blum},
  title     = {Software reliability via run-time result-checking},
  journal   = {Journal of the ACM},
  volume    = {44},
  number    = {6},
  year      = {1997},
  pages     = {826-849}
}

@inproceedings{ABO+00,
  author    = {W. Aiello and S.N. Bhatt and R. Ostrovsky and S. Rajagopalan},
  title     = {Fast Verification of Any Remote Procedure Call: Short Witness-Indistinguishable One-Round Proofs for {NP}},
  booktitle = {Proceedings of the International Colloquium on Automata, Languages and Programming (ICALP)},
  year      = {2000},
  pages     = {463-474}
}

@inproceedings{JJ99,
  author    = {M. Jakobsson and A. Juels},
  title     = {Proofs of Work and Bread Pudding Protocols},
  booktitle = {Proceedings of the IFIP TC6/TC11 Joint Working Conference on Communications and Multimedia Security (CMS)},
  year      = {1999},
  pages     = {258-272}
}

@inproceedings{CLS+93,
  author    = {J. Cai and R.J. Lipton and R. Sedgewick and A.C. Yao},
  title     = {Towards Uncheatable Benchmarks},
  booktitle = {Proceedings of the IEEE Annual Structure in Complexity Theory Conference},
  year      = {1993},
  pages     = {2-11}
}

@article{AF90,
  author    = {M. Abadi and J. Feigenbaum},
  title     = {Secure Circuit Evaluation},
  journal   = {Journal of Cryptology},
  volume    = {2},
  number    = {1},
  year      = {1990},
  pages     = {1-12}
}

@article{ABC+11,
  author    = {G. Ateniese and R.C. Burns and R. Curtmola and J. Herring and O. Khan and L. Kissner and Z.N.J. Peterson and Dawn Song},
  title     = {Remote data checking using provable data possession},
  journal   = {ACM Transaction on Information and System Security},
  volume    = {14},
  number    = {1},
  year      = {2011},
  pages     = {12}
}

@inproceedings{SLO03,
  author    = {D. Szajda and B.G. Lawson and J. Owen},
  title     = {Hardening Functions for Large Scale Distributed Computations},
  booktitle = {Proceedings of the IEEE Symposium on Security and Privacy (S\&P)},
  year      = {2003},
  pages     = {216-224}
}

@inproceedings{BCE+08,
  author    = {M. Belenkiy and M. Chase and C.C. Erway and J. Jannotti and
               A. K{\"u}p\c{c}{\"u} and A. Lysyanskaya},
  title     = {Incentivizing outsourced computation},
  booktitle = {Proceedings of the ACM SIGCOMM Workshop on Economics of Networked Systems (NetEcon)},
  year      = {2008},
  pages     = {85-90}
}

@inproceedings{DQS03,
  author    = {Y. Deswarte and J. Quisquater and A. Sa\"{\i}dane},
  title     = {Remote integrity checking -- How to trust files stored on untrusted servers},
  booktitle = {Proceedings of the IFIP Conference on Integrity
               and Internal Control in Information Systems (IICIS)},
  year      = {2003},
  pages     = {1-11}
}

@article{FB06,
  author    = {D.L.G. Filho and P.S.L.M. Barreto},
  title     = {Demonstrating data possession and uncheatable data transfer},
  journal   = {IACR Cryptology ePrint Archive},
  volume    = {Report 2006/150},
  year      = {2006}
}

@inproceedings{SM06,
  author    = {T.J.E. Schwarz and E.L. Miller},
  title     = {Store, forget, and check: Using algebraic signatures to
               check remotely administered storage},
  booktitle = {Proceedings of the IEEE International Conference on Distributed Computing Systems (ICDCS)},
  year      = {2006},
  pages     = {12}
}
  
@article{NR09,
  author    = {M. Naor and G.N. Rothblum},
  title     = {The complexity of online memory checking},
  journal   = {Journal of the ACM},
  volume    = {56},
  number    = {1},
  year      = {2009}
}  

@inproceedings{MJS+14,
  author    = {A. Miller and A. Juels and E. Shi and B. Parno and J. Katz},
  title     = {{PermaCoin}: Repurposing {Bitcoin} work for long-term data preservation},
  booktitle = {Proceedings of the IEEE Symposium on Security and Privacy (S\&P)},
  year      = {2014},
  pages     = {}
}

@inproceedings{SSP13,
  author    = {E. Shi and E. Stefanov and C. Papamanthou},
  title     = {Practical dynamic proofs of retrievability},
  booktitle = {Proceedings of the ACM Conference on Computer and Communications Security (CCS)},
  year      = {2013},
  pages     = {325-336}
}

@article{SW13,
  author    = {H. Shacham and B. Waters},
  title     = {Compact proofs of retrievability},
  journal   = {Journal of Cryptology},
  volume    = {26},
  number    = {3},
  year      = {2013},
  pages     = {442-483}
}

@inproceedings{SDJ+12,
  author    = {E. Stefanov and M. van Dijk and A. Juels and A. Oprea},
  title     = {Iris: A scalable cloud file system with efficient integrity
               checks},
  booktitle = {Proceedings of the Annual Computer Security Applications Conference (ACSAC)},
  year      = {2012},
  pages     = {229-238}
}

@inproceedings{CKW13,
  author    = {D. Cash and A. K{\"u}p\c{c}{\"u} and D. Wichs},
  title     = {Dynamic proofs of retrievability via oblivious {RAM}},
  booktitle = {Proceedings of the Annual International Conference on the Theory and Applications of Cryptographic Techniques -- Advances in Cryptology (EUROCRYPT)},
  year      = {2013},
  pages     = {279-295}
}

@inproceedings{AKK09,
  author    = {G. Ateniese and S. Kamara and J. Katz},
  title     = {Proofs of storage from homomorphic identification protocols},
  booktitle = {Proceedings of the International Conference on the Theory and Application of Cryptology and Information Security -- Advances in Cryptology (ASIACRYPT)},
  year      = {2009},
  pages     = {319-333}
}

@inproceedings{BJO09a,
  author    = {K.D. Bowers and A. Juels and A. Oprea},
  title     = {Proofs of retrievability: theory and implementation},
  booktitle = {Proceedings of the ACM Cloud Computing Security Workshop (CCSW)},
  year      = {2009},
  pages     = {43-54}
}

@inproceedings{BJO09b,
  author    = {K.D. Bowers and A. Juels and A. Oprea},
  title     = {HAIL: a high-availability and integrity layer for cloud
               storage},
  booktitle = {Proceedings of the ACM Conference on Computer and Communications Security (CCS)},
  year      = {2009},
  pages     = {187-198}
}

@inproceedings{Coh03,
  author    = {B. Cohen},
  title     = {Incentives build robustness in {BitTorrent}},
  booktitle = {Proceedings of the Workshop on the Economics of Peer-to-Peer Systems (P2PECON)},
  year      = {2003},
  pages     = {116-121}
}

@inproceedings{And04,
  author    = {D.P. Anderson},
  title     = {{BOINC}: A system for public-resource computing and storage},
  booktitle = {Proceedings of the International Workshop on Grid Computing (GRID)},
  year      = {2004},
  pages     = {4-10}
}

@Misc{Storj,
 author = {Storj},
  note = {\url{http://storj.io/}}
}

@Misc{Symform,
author = {Symform},
note = {\url{http://www.symform.com/}}
}

@Misc{Syndicate,
author = {Syndicate},
note = {\url{http://syndicatedrive.com/}}
}

@Misc{BOINC,
author = {BOINC},
note = {\url{http://boinc.berkeley.edu/}}
}

@Misc{Seti@home,
author = {SETI@home},
note = {\url{http://setiathome.ssl.berkeley.edu/}}
}

@Misc{Folding@home,
author = {Folding@home},
note = {\url{https://folding.stanford.edu/home/}}
}

@Misc{sztaki,
author = {SZTAKI Desktop Grid},
note = {\url{http://www.desktopgrid.hu/}}
}

@Misc{edges,
author = {EDGeS},
note = {\url{http://www.edges-grid.eu/}}
}

@Misc{MultCloud,
author = {MultCloud},
note = {\url{https://www.multcloud.com/}}
}

@Misc{MaidSafe,
author = {MaidSafe},
note = {\url{http://maidsafe.net/}}
}

@article{DP12,
  author    = {S. Distefano and A. Puliafito},
  title     = {Cloud@Home: Toward a volunteer cloud},
  journal   = {IT Professional},
  volume    = {14},
  number    = {1},
  year      = {2012},
  pages     = {27-31}
}

@inproceedings{SM11,
  author    = {V. Sekar and P. Maniatis},
  title     = {Verifiable resource accounting for cloud computing services},
  booktitle = {Proceedings of the ACM Cloud Computing Security Workshop (CCSW)},
  year      = {2011},
  pages     = {21-26}
}

@inproceedings{CMP+13,
  author    = {C. Chen and P. Maniatis and A. Perrig and A. Vasudevan and V. Sekar},
  title     = {Towards verifiable resource accounting for outsourced computation},
  booktitle = {Proceedings of the ACM SIGPLAN/SIGOPS International Conference on Virtual Execution Environments (VEE)},
  year      = {2013},
  pages     = {167-178}
}

@article{ZHA+12,
  author    = {Y. Zhu and H. Hu and G. Ahn and M. Yu},
  title     = {Cooperative provable data possession for integrity verification
               in multicloud storage},
  journal   = {IEEE Transactions on Parallel and Distributed Systems},
  volume    = {23},
  number    = {12},
  year      = {2012},
  pages     = {2231-2244}
}

@inproceedings{EK13,
  author    = {M. Etemad and A. K{\"u}p\c{c}{\"u}},
  title     = {Transparent, distributed, and replicated dynamic provable data possession},
  booktitle = {Proceedings of the International Conference Applied Cryptography and Network Security (ACNS)},
  year      = {2013},
  pages     = {1-18}
}

@inproceedings{CKB+08,
  author    = {R. Curtmola and O. Khan and R.C. Burns and G. Ateniese},
  title     = {{MR-PDP}: Multiple-replica provable data possession},
  booktitle = {Proceedings of the IEEE International Conference on Distributed Computing
               Systems (ICDCS)},
  year      = {2008},
  pages     = {411-420}
}

@inproceedings{EKP+09,
  author    = {C.C. Erway and A. K{\"u}p\c{c}{\"u} and C. Papamanthou and R. Tamassia},
  title     = {Dynamic provable data possession},
  booktitle = {Proceedings of the ACM Conference on Computer and Communications Security (CCS)},
  year      = {2009},
  pages     = {213-222}
}

@inproceedings{ADM+08,
 author = {G. Ateniese and R. Di Pietro and L.V. Mancini and G. Tsudik},
 title = {Scalable and Efficient Provable Data Possession},
 booktitle = {Proceedings of the International Conference on Security and Privacy in Communication Netowrks (SecureComm)},
  year = {2008},
 pages = {9:1--9:10}
} 

@article{AFG+10,
  author    = {M. Armbrust and A. Fox and R. Griffith and A.D. Joseph and R.H. Katz and A. Konwinski and G. Lee and D.A. Patterson and A. Rabkin and I. Stoica and M. Zaharia},
  title     = {A view of cloud computing},
  journal   = {Communications of the ACM},
  volume    = {53},
  number    = {4},
  year      = {2010},
  pages     = {50-58}
}

@Misc{symform-slide,
  author = {Symform},
  title = {The Distributed \& Decentralized Cloud},
  year = {2012},
  note = {\url{http://www.slideshare.net/seattledawson/the-distributed-decentralized-cloud/}}
}

@Misc{techrepublic,
  author = {TechRepublic},
  title = {Decentralizing the cloud: Where do microgrids fit in?},
  year = {2012},
  note = {\url{http://www.techrepublic.com/blog/the-enterprise-cloud/decentralizing-the-cloud-where-do-microgrids-fit-in/}}
}

@inproceedings{CKB+07,
  author    = {S. Choi and H. Kim and E. Byun and M. Baik and S. Kim and C.Y. Park and C. Hwang},
  title     = {Characterizing and classifying desktop grid},
  booktitle = {Proceedings of the IEEE International Symposium on Cluster Computing and the Grid (CCGrid)},
  year      = {2007},
  pages     = {743--748}
}

@article{MKK13,
  author    = {C.A. Marosi and J. Kov{\'a}cs and P. Kacsuk},
  title     = {Towards a volunteer cloud system},
  journal   = {Future Generation Computer Systems},
  volume    = {29},
  number    = {6},
  year      = {2013},
  pages     = {1442-1451}
}

@article{CWH13,
  author    = {A. Chandra and J.B. Weissman and B. Heintz},
  title     = {Decentralized edge clouds},
  journal   = {IEEE Internet Computing},
  volume    = {17},
  number    = {5},
  year      = {2013},
  pages     = {70-73}
}

@inproceedings{WWL+09,
  author    = {Q. Wang and C. Wang and J. Li and K. Ren and W. Lou},
  title     = {Enabling public verifiability and data dynamics for storage
               security in cloud computing},
  booktitle = {Proceedings of the European Symposium on Research in Computer Security (ESORICS)},
  year      = {2009},
  pages     = {355-370}
}

@inproceedings{SMV+10,
  author    = {J. Schiffman and T. Moyer and H. Vijayakumar and T. Jaeger and
               P. McDaniel},
  title     = {Seeding clouds with trust anchors},
  booktitle = {Proceedings of the ACM Cloud Computing Security Workshop (CCSW)},
  year      = {2010},
  pages     = {43-46}
}

@inproceedings{DJO+12,
  author    = {M. van Dijk and A. Juels and A. Oprea and R.L. Rivest and E. Stefanov and N. Triandopoulos},
  title     = {Hourglass schemes: how to prove that cloud files are encrypted},
  booktitle = {Proceedings of the ACM Conference on Computer and Communications Security (CCS)},
  year      = {2012},
  pages     = {265-280}
}

@article{MMS13,
  author    = {A. Mihoob and C. Molina{-}Jim{\'{e}}nez and S.K. Shrivastava},
  title     = {Consumer-centric resource accounting in the cloud},
  journal   = {Journal Internet Services and Applications},
  year      = {2013},
  volume    = {4},
  number    = {1}
}

@inproceedings{CC14,
  author    = {L. Chen and K. Chen},
  title     = {BitBill: Scalable, robust, verifiable peer-to-peer billing for cloud computing},
  booktitle   = {Proceedings of the USENIX Workshop on Hot Topics in Cloud Computing (HotCloud)},
  year      = {2014}
}

@article{PHC+13,
  author    = {K. Park, J. Han, J. Chung, and K.H. Park},
  title     = {{THEMIS}: A mutually verifiable billing system for the cloud computing environment},
  journal   = {IEEE Transactions on Services Computing},
  year      = {2013},
  volume    = {6},
  number    = {3},
  pages     = {300-313}
}

@article{ABD+13,
  author    = {G. Aceto and A. Botta and W. de Donato and A. Pescap{\`{e}}},
  title     = {Cloud monitoring: A survey},
  journal   = {Computer Networks},
  year      = {2013},
  volume    = {57},
  number    = {9},
  pages     = {2093-2115}
}

@article{BCC+13,
  author    = {S. Bouchenak and G. Chockler and H. Chockler and G. Gheorghe and
               N. Santos and A. Shraer},
  title     = {Verifying cloud services: present and future},
  journal   = {Operating Systems Review},
  year      = {2013},
  volume    = {47},
  number    = {2},
  pages     = {6-19}
}

@article{FEH+14,
  author    = {K. Fatema and V.C. Emeakaroha and P.D. Healy and J.P. Morrison and T. Lynn},
  title     = {A survey of Cloud monitoring tools: Taxonomy, capabilities and objectives},
  journal   = {Journal of Parallel and Distributed},
  year      = {2014},
  volume    = {74},
  number    = {10},
  pages     = {2918-2933}
}

@article{WB13,
  author    = {M. Walfish and A.J. Blumberg},
  title     = {Verifying computations without reexecuting them: from theoretical
               possibility to near-practicality},
  journal   = {Electronic Colloquium on Computational Complexity (ECCC)},
  year      = {2013},
  volume    = {20},
  pages     = {165}
}

@inproceedings{WSA+12,
  author    = {G.J. Watson and R. Safavi{-}Naini and M. Alimomeni and M.E. Locasto and S. Narayan},
  title     = {{LoSt}: Location based storage},
  booktitle = {Proceedings of the ACM Workshop on Cloud computing security (CCSW)},
  year      = {2012},
  pages     = {59-70}
}

@inproceedings{WSJ+12,
  author    = {Z. Wang and K. Sun and S. Jajodia and J. Jing},
  title     = {Disk storage isolation and verification in cloud},
  booktitle = {Proceedings of the IEEE Global Communications Conference (GLOBECOM)},
  year      = {2012},
  pages     = {771-776}
}

@inproceedings{WSJ+13,
  author    = {Z. Wang and K. Sun and S. Jajodia and J. Jing},
  title     = {{TerraCheck}: Verification of Dedicated Cloud Storage},
  booktitle = {Proceedings of the Annual IFIP Conference on Data and Applications Security and Privacy (DBSec)},
  year      = {2013},
  pages     = {113-127}
}

@incollection{WSJ+14,
  author    = {Z. Wang and K. Sun and S. Jajodia and J. Jing},
  title     = {Proof of Isolation for Cloud Storage},
  booktitle = {Secure Cloud Computing},
  year      = {2014},
  pages     = {95-121}
}

@inproceedings{PT10,
  author    = {D. Perito and G. Tsudik},
  title     = {Secure Code Update for Embedded Devices via Proofs of Secure Erasure},
  booktitle = {Proceedings of the European Symposium on Research in Computer Security (ESORICS)},
  year      = {2010},
  pages     = {643-662}
}

@article{ABF13,
  author    = {G. Ateniese and I. Bonacina and A. Faonio and N. Galesi},
  title     = {Proofs of space: When space is of the essence},
  journal   = {IACR Cryptology ePrint Archive},
  volume    = {Report 2013/805},
  year      = {2013}
}

@article{DFK+13,
  author    = {S. Dziembowski and S. Faust and V. Kolmogorov and K. Pietrzak},
  title     = {Proofs of space},
  journal   = {IACR Cryptology ePrint Archive},
  volume    = {Report 2013/796},
  year      = {2013}
}

@inproceedings{CKP14,
  author    = {C. Cid and MHR. Khouzani and V. Pham},
  title     = {Incentive engineering for outsourced computation in the face of collusion},
  booktitle = {Proceedings of the Annual Workshop on the Economics of Information Security (WEIS)},
  year      = {2014}
}

@article{BZF13,
  author    = {M. Blanton and Y. Zhang and K.B. Frikken},
  title     = {Secure and verifiable outsourcing of large-scale biometric computations},
  journal   = {ACM Transactions on Information System Security (TISSEC)},
  year      = {2013},
  volume    = {16},
  number    = {3},
  pages     = {11}
}

@inproceedings{SPD05,
  author    = {E. Shi and A. Perrig and L.V. Doorn},
  title     = {Bind: A fine-grained attestation service for secure distributed systems},
  booktitle = {Proceedings of the IEEE Symposium on Security and Privacy (S\&P)},
  year      = {2005},
  pages     = {154-168}
}

@inproceedings{KB14,
  author    = {R. Kumaresan and I. Bentov},
  title     = {How to use {Bitcoin} to incentivize correct computations},
  booktitle = {Proceedings of the ACM Conference on Computer and Communications Security (CCS)},
  year      = {2014},
  pages     = {}
}

@inproceedings{FGP14,
  author    = {D. Fiore and R. Gennaro and V. Pastro},
  title     = {Efficiently verifiable computation on encrypted data},
  booktitle = {Proceedings of the ACM Conference on Computer and Communications Security (CCS)},
  year      = {2014},
  pages     = {}
}

@inproceedings{KFM04,
  author    = {M.N. Krohn and M.J. Freedman and D. Mazieres},
  title     = {On-the-fly verification of rateless erasure codes for efficient content distribution},
  booktitle = {Proceedings of the IEEE Symposium on Security and Privacy (S\&P)},
  year      = {2004},
  pages     = {226-240}
}

@inproceedings{BDS11,
  author    = {K. Benson and R. Dowsley and H. Shacham},
  title     = {Do you know where your cloud files are?},
  booktitle = {Proceedings of the ACM Cloud Computing Security Workshop (CCSW)},
  year      = {2011},
  pages     = {73-82}
}

@inproceedings{BDJ+11,
  author    = {K.D. Bowers and M. van Dijk and A. Juels and A. Oprea and R.L. Rivest},
  title     = {How to tell if your cloud files are vulnerable to drive crashes},
  booktitle = {Proceedings of the ACM Conference on Computer and Communications
               Security (CCS)},
  year      = {2011},
  pages     = {501-514}
}

@inproceedings{ZJO+11,
  author    = {Y. Zhang and A. Juels and A. Oprea and M.K. Reiter},
  title     = {{HomeAlone}: Co-residency Detection in the Cloud via Side-Channel Analysis},
  booktitle = {Proceedings of the IEEE Symposium on Security and Privacy (S\&P)},
  year      = {2011},
  pages     = {313-328}
}

@inproceedings{YZS+12,
  author    = {L. Ye and H. Zhang and J. Shi and X. Du},
  title     = {Verifying cloud Service Level Agreement},
  booktitle = {Proceedings of the IEEE Global Communications Conference (GLOBECOM)},
  year      = {2012},
  pages     = {777-782}
}